% This file was created with JabRef 2.6.
% Encoding: UTF-8

@STRING{bams = {Bull. Amer. Meteor. Soc.}}

@STRING{cap = {Contib. Atmos. Phys.}}

@STRING{climdyn = {Clim. Dyn.}}

@STRING{compgraph = {Comp. Graph.}}

@STRING{grl = {Geophys. Res. Let.}}

@STRING{ijrs = {Int. J. Remote Sens.}}

@STRING{jam = {J. Appl. Met.}}

@STRING{jas = {J. Atmos. Sci.}}

@STRING{jcam = {J. Climate Appl. Meteor.}}

@STRING{jclim = {J. Climate}}

@STRING{jcp = {J. Chem. Phys.}}

@STRING{jfm = {J. Fluid Mech.}}

@STRING{jgr = {J. Geophys. Res.-Atmos.}}

@STRING{mwr = {Mon. Wea. Rev.}}

@STRING{pers = {Photogrammetric Eng. and Remote Sens.}}

@STRING{qjrms = {Q. J. R. Meteorol. Soc.}}

@ARTICLE{Anldrejczuk2008,
  author = {Andrejczuk, M. and Reisner, J. M. and Henson, B. and Dubey, M. K.
	and Jeffery, C. A.},
  title = {{The potential impacts of pollution on a nondrizzling stratus deck:
	Does aerosol number matter more than type?}},
  journal = jgr,
  year = {{2008}},
  volume = {{113}},
  number = {{D19}},
  month = {{OCT 10}},
  article-number = {{D19204}},
  doi = {{10.1029/2007JD009445}},
  issn = {{0148-0227}},
  unique-id = {{ISI:000259988300001}}
}

@ARTICLE{Barahona2007,
  author = {Barahona, Donifan and Nenes, Athanasios},
  title = {{Parameterization of cloud droplet formation in large-scale models:
	Including effects of entrainment}},
  journal = jgr,
  year = {{2007}},
  volume = {{112}},
  number = {{D16}},
  month = {{AUG 28}},
  article-number = {{D16206}},
  doi = {{10.1029/2007JD008473}},
  issn = {{0148-0227}},
  unique-id = {{ISI:000249335200003}}
}

@ARTICLE{Bechtold2008,
  author = {Bechtold, Peter and Koehler, Martin and Jung, Thomas and Doblas-reyes,
	Francisco and Leutbecher, Martin and Rodwell, Mark J. and Vitart,
	Frederic and Balsamo, Gianpaolo},
  title = {Advances in simulating atmospheric variability with the {ECMWF} model:
	{F}rom synoptic to decadal time-scales},
  journal = {Q. J. R. Meteorol. Soc.},
  year = {2008},
  volume = {134},
  pages = {1337--1351},
  number = {634, Part A},
  month = {JUL},
  doi = {10.1002/qj.289},
  issn = {0035-9009}
}

@ARTICLE{Bony2005,
  author = {Bony, S and Dufresne, JL},
  title = {{Marine boundary layer clouds at the heart of tropical cloud feedback
	uncertainties in climate models}},
  journal = grl,
  year = {{2005}},
  volume = {{32}},
  number = {{20}},
  month = {{OCT 26}},
  article-number = {{L20806}},
  doi = {{10.1029/2005GL023851}},
  issn = {{0094-8276}},
  unique-id = {{ISI:000233104900005}}
}

@ARTICLE{Bretherton2009,
  author = {Bretherton, Christopher S. and Park, Sungsu},
  title = {{A New Moist Turbulence Parameterization in the Community Atmosphere
	Model}},
  journal = jclim,
  year = {{2009}},
  volume = {{22}},
  pages = {{3422-3448}},
  number = {{12}},
  month = {{JUN}},
  doi = {{10.1175/2008JCLI2556.1}},
  issn = {{0894-8755}},
  unique-id = {{ISI:000268126300015}}
}

@ARTICLE{Brown1999,
  author = {A R Brown},
  title = {The sensitivity of large-eddy simulations of shallow cumulus convection
	to resolution and subgrid model},
  journal = qjrms,
  year = {1999},
  volume = {125},
  pages = {469-482},
  owner = {freedryk},
  timestamp = {2009.12.15}
}

@ARTICLE{Brown2002,
  author = {A R Brown and R T Cederwall and A Chlond and P G Duynkerke and J-C
	Golaz and Marat F Khairoutdinov and D C Lewellen and A P Lock and
	M K Macvean and C-H Moeng and R A J Neggers and A P Siebesma and
	B Stevens},
  title = {Large-eddy simulation of the diurnal cycle of shallow cumulus convection
	over land},
  journal = qjrms,
  year = {2002},
  volume = {128},
  pages = {1075-1093},
  owner = {freedryk},
  timestamp = {2009.08.04}
}

@ARTICLE{Colman2003,
  author = {Colman, R},
  title = {{A comparison of climate feedbacks in general circulation models}},
  journal = climdyn,
  year = {{2003}},
  volume = {{20}},
  pages = {{865-873}},
  number = {{7-8}},
  month = {{MAY}},
  doi = {{10.1007/s00382-003-0310-z}},
  issn = {{0930-7575}},
  unique-id = {{ISI:000183550600013}}
}

@article{Dawe2011,
   author = {Jordan T Dawe and Philip H Austin},
   title = {{Interpolation of LES cloud surfaces for use in direct calculations
             of entrainment and detrainment}},
  journal = {Mon. Wea. Rev.},
   year = {2011},
  Volume = {{139}},
  Number = {{2}},
  Pages = {{444-456}},
  Month = {{FEB}},
  DOI = {10.1175/2010MWR3473.1},
  ISSN = {{0027-0644}},
 }

@ARTICLE{Emanuel1991,
  author = {Kerry A Emanuel},
  title = {A scheme for representing cumulus convection in large-scale models},
  journal = jas,
  year = {1991},
  volume = {48},
  pages = {2313-2335},
  owner = {freedryk},
  timestamp = {2011.01.12}
}

@ARTICLE{Gregory2001,
  author = {Gregory, D.},
  title = {Estimation of entrainment rate in simple models of convective clouds},
  journal = {Q. J. R. Meteorol. Soc.},
  year = {2001},
  volume = {127},
  pages = {53--72},
  number = {571, Part A},
  month = {JAN},
  issn = {0035-9009}
}

@ARTICLE{Heus2008a,
  author = {Thijs Heus and Gertjan van Dijk and Harm J J Jonker and Harry E A
	Van den Akker},
  title = {Mixing in shallow cumulus clouds studied by Lagrangian Particle Tracking},
  journal = jas,
  year = {2008},
  volume = {65},
  pages = {2581-2597},
  owner = {freedryk},
  timestamp = {2011.04.21}
}

@ARTICLE{Heus2008,
  author = {Thijs Heus and Harm J J Jonker},
  title = {Subsiding shells around shallow cumulus clouds},
  journal = jas,
  year = {2008},
  volume = {65},
  pages = {1003-1018},
  owner = {freedryk},
  timestamp = {2010.01.25}
}

@ARTICLE{Heus2009,
  author = {Thijs Heus and C Freek J Pols and Harm J J Jonker and Harry E A Van
	den Akker and Donald H Lenschow},
  title = {Observational validation of the compensating mass flux through the
	shell around cumulus clouds},
  journal = qjrms,
  year = {2009},
  volume = {135},
  pages = {101-112},
  owner = {freedryk},
  timestamp = {2011.04.13}
}

@ARTICLE{Holland1973,
  author = {Joshua Z Holland and Eugene M Rasmusson},
  title = {Measurement of the atmospheric mass, energy, and momentum budgets
	over a 500-kilometer square of tropical ocean},
  journal = mwr,
  year = {1973},
  volume = {101},
  pages = {44-57},
  owner = {freedryk},
  timestamp = {2009.12.11}
}

@ARTICLE{Hoppel1994,
  author = {W A Hoppel and G M Frick and J Fitzgerald and R E Larson},
  title = {Marine boundary-layer measurements of new particle formation and
	the effects nonprecipitating clouds have on aerosol-size distribution},
  journal = jgr,
  year = {1994},
  volume = {99},
  pages = {14443-14459},
  owner = {freedryk},
  timestamp = {2010.01.26}
}

@ARTICLE{Jonas1990,
  author = {P R Jonas},
  title = {Observations of cumulus cloud entrainment},
  journal = {Atmos.~Res.},
  year = {1990},
  volume = {25},
  pages = {105-127},
  owner = {freedryk},
  timestamp = {2011.04.13}
}

@ARTICLE{Jonker2008,
  author = {Harm J J Jonker and Thijs Heus and Peter P Sullivan},
  title = {A refined view of vertical mass transport by cumulus convection},
  journal = grl,
  year = {2008},
  volume = {35},
  pages = {L07810},
  owner = {freedryk},
  timestamp = {2011.04.13}
}

@ARTICLE{Kain1990,
  author = {John S Kain and J Michael Fritsch},
  title = {A one-dimensional entraining/detraining plume model and its application
	in convective parameterization},
  journal = jas,
  year = {1990},
  volume = {47},
  pages = {2784-2802},
  owner = {freedryk},
  timestamp = {2011.01.12}
}

@ARTICLE{Khairoutdinov2003,
  author = {Marat F Khairoutdinov and David A Randall},
  title = {Cloud resolving modeling of the ARM summer 1997 IOP: model formulation,
	results, uncertainties, and sensitivities},
  journal = jas,
  year = {2003},
  volume = {60},
  pages = {607-625},
  owner = {freedryk},
  timestamp = {2009.08.04}
}

@BOOK{Kundu1990,
  title = {Fluid Mechanics},
  publisher = {Academic Press},
  year = {1990},
  author = {Pijush K Kundu},
  pages = {638},
  address = {San Diego, California},
  owner = {freedryk},
  timestamp = {2009.05.08}
}

@ARTICLE{Lock2000,
  author = {Lock, AP and Brown, AR and Bush, MR and Martin, GM and Smith, RNB},
  title = {{A new boundary layer mixing scheme. Part I: Scheme description and
	single-column model tests}},
  journal = mwr,
  year = {{2000}},
  volume = {{128}},
  pages = {{3187-3199}},
  number = {{9}},
  month = {{SEP}},
  issn = {{0027-0644}},
  unique-id = {{ISI:000089461100008}}
}

@ARTICLE{Lorensen1987,
  author = {William E Lorensen and Harvey E Cline},
  title = {Marching Cubes: A high resolution 3D surface construction algorithm},
  journal = compgraph,
  year = {1987},
  volume = {21},
  pages = {163-169},
  owner = {freedryk},
  timestamp = {2009.12.11}
}

@ARTICLE{Randall2003,
  author = {Randall, David and Krueger, Steven and Bretherton, Christopher and
	Curry, Judith and Duynkerke, Peter and Moncrieff, Mitchell and Ryan,
	Brian and Starr, David and Miller, Martin and Rossow, William and
	Tselioudis, George and Wielicki, Bruce},
  title = {Confronting Models with Data: The {GEWEX} Cloud Systems Study},
  journal = {Bulletin of the American Meteorological Society},
  year = {2003},
  volume = {84},
  pages = {455-469},
  number = {4},
  doi = {10.1175/BAMS-84-4-455},
  eprint = {http://journals.ametsoc.org/doi/pdf/10.1175/BAMS-84-4-455},
  url = {http://journals.ametsoc.org/doi/abs/10.1175/BAMS-84-4-455}
}

@ARTICLE{Rodts2003,
  author = {S M A Rodts and P G Duynkerke and H J J Jonker},
  title = {Size distributions and dynamical properties of shallow cumulus clouds
	from aircraft observations and satellite data},
  journal = jas,
  year = {2003},
  volume = {60},
  pages = {1895-1912},
  owner = {freedryk},
  timestamp = {2011.04.13}
}

@ARTICLE{Romps2010,
  author = {David M Romps},
  title = {A direct measure of entrainment},
  journal = jas,
  year = {2010},
  volume = {67},
  pages = {1908--1927},
  number = {6},
  month = {June}
}

@ARTICLE{De_Rooy2010,
  author = {de Rooy, W. C. and Siebesma, A. P.},
  title = {Analytical expressions for entrainment and detrainment in cumulus
	convection},
  journal = {Q. J. R. Meteorol. Soc.},
  year = {2010},
  volume = {136},
  pages = {1216-1227},
  number = {650},
  doi = {10.1002/qj.640}
}

@ARTICLE{Rooy2008,
  author = {Wim C de Rooy and A Pier Siebesma},
  title = {A Simple Parameterization for Detrainment in Shallow Cumulus},
  journal = mwr,
  year = {2008},
  volume = {136},
  pages = {560-576},
  owner = {freedryk},
  timestamp = {2009.12.10}
}

@ARTICLE{Rougier2009,
  author = {Rougier, Jonathan and Sexton, David M. H. and Murphy, James M. and
	Stainforth, David},
  title = {Analyzing the climate sensitivity of the {HADSM3} climate model using
	ensembles from different but related experiments},
  journal = {J. Climate},
  year = {2009},
  volume = {22},
  pages = {3540--3557},
  number = {13},
  month = {JUL},
  doi = {10.1175/2008JCLI2533.1},
  issn = {0894-8755}
}

@INCOLLECTION{Siebesma1998,
  author = {A Pier Siebesma},
  title = {Shallow Cumulus Convection},
  booktitle = {Buoyant Convection in Geophysical Flows},
  publisher = {Kluwer Academic Publishers},
  year = {1998},
  editor = {Erich J Plate},
  pages = {441-486},
  owner = {freedryk},
  timestamp = {2009.07.27}
}

@ARTICLE{Siebesma2003,
  author = {Siebesma, A. P. and Bretherton, C. S. and Brown, A. and Chlond, A.
	and Cuxart, J. and Duynkerke, P. G. and Jiang, H. L. and Khairoutdinov,
	M. and Lewellen, D. and Moeng, C. H. and Sanchez, E. and Stevens,
	B. and Stevens, D. E.},
  title = {A large eddy simulation intercomparison study of shallow cumulus
	convection},
  journal = {J. Atmos. Sci.},
  year = {2003},
  volume = {60},
  pages = {1201--1219},
  number = {10},
  month = {MAY},
  issn = {0022-4928}
}

@ARTICLE{Siebesma1995,
  author = {A Pier Siebesma and J W M Cuijpers},
  title = {Evaluation of parametric assumptions for shallow cumulus convection},
  journal = jas,
  year = {1995},
  volume = {52},
  pages = {650-666},
  owner = {freedryk},
  timestamp = {2009.07.27}
}

@ARTICLE{Siebesma2007,
  author = {Siebesma, A. Pier and Soares, Pedro M. M. and Teixeira, Joao},
  title = {{A combined eddy-diffusivity mass-flux approach for the convective
	boundary layer}},
  journal = jas,
  year = {{2007}},
  volume = {{64}},
  pages = {{1230-1248}},
  number = {{4}},
  month = {{APR}},
  doi = {{10.1175/JAS3888.1}},
  issn = {{0022-4928}},
  unique-id = {{ISI:000245742600011}}
}

@ARTICLE{Simpson1969,
  author = {Simpson, J. and Wiggert, V.},
  title = {Models of precipitating cumulus towers},
  journal = {Mon. Wea. Rev.},
  year = {1969},
  volume = {97},
  pages = {471},
  number = {7},
  issn = {0027-0644}
}

@ARTICLE{SodenHeld2006,
  author = {Soden, Brian J. and Held, Isaac M.},
  title = {{An assessment of climate feedbacks in coupled ocean-atmosphere models}},
  journal = jclim,
  year = {{2006}},
  volume = {{19}},
  pages = {{3354-3360}},
  number = {{14}},
  month = {{JUL}},
  issn = {{0894-8755}},
  unique-id = {{ISI:000239026400002}}
}

@ARTICLE{Stainforth2005,
  author = {D. A. Stainforth and T. Aina and C. Christensen and M. Collins and
	N. Faull and D. J. Frame and J. A. Kettleborough and S. Knight and
	A. Martin and J. M. Murphy and C. Piani and D. Sexton and L. A. Smith
	and R. A. Spicer and A. J. Thorpe and M. R. Allen},
  title = {Uncertainty in predictions of the climate response to rising levels
	of greenhouse gases},
  journal = {Nature},
  year = {2005},
  volume = {433},
  pages = {403-406},
  owner = {freedryk},
  timestamp = {2011.01.13}
}

@ARTICLE{Stevens2002,
  author = {David E Stevens and Andrew S Ackerman and Christopher S Bretherton},
  title = {Effect of domain size and numerical resolution on the simulation
	of shallow cumulus convection},
  journal = jas,
  year = {2002},
  volume = {59},
  pages = {3285-3301},
  owner = {freedryk},
  timestamp = {2009.12.15}
}

@ARTICLE{Stevens1999,
  author = {D E Stevens and Chrostopher S Bretherton},
  title = {Effects of resolution on the simulation of stratocumulus entrainment},
  journal = qjrms,
  year = {1999},
  volume = {125},
  pages = {425-439},
  owner = {freedryk},
  timestamp = {2009.12.15}
}

@ARTICLE{Tiedtke1989,
  author = {Michael Tiedtke},
  title = {A Comprehensive Mass Flux Scheme for Cumulus Parameterization in
	Large-Scale Models},
  journal = {Mon. Wea. Rev.},
  year = {1989},
  volume = {117},
  pages = {1779-1800},
  owner = {freedryk},
  timestamp = {2011.01.12}
}

@ARTICLE{Wang2010,
  author = {Yonggang Wang and Bart Geerts},
  title = {Humidity variations across the edge of trade wind cumuli: Observations
	and dynamical implications},
  journal = {Atmos.~Res.},
  year = {2010},
  volume = {97},
  pages = {144 - 156},
  number = {1-2},
  doi = {DOI: 10.1016/j.atmosres.2010.03.017},
  issn = {0169-8095}
}

@ARTICLE{Webb2006,
  author = {Webb, MJ and Senior, CA and Sexton, DMH and Ingram, WJ and Williams,
	KD and Ringer, MA and McAvaney, BJ and Colman, R and Soden, BJ and
	Gudgel, R and Knutson, T and Emori, S and Ogura, T and Tsushima,
	Y and Andronova, N and Li, B and Musat, I and Bony, S and Taylor,
	KE},
  title = {{On the contribution of local feedback mechanisms to the range of
	climate sensitivity in two GCM ensembles}},
  journal = climdyn,
  year = {{2006}},
  volume = {{27}},
  pages = {{17-38}},
  number = {{1}},
  month = {{JUL}},
  doi = {{10.1007/s00382-006-0111-2}},
  issn = {{0930-7575}},
  unique-id = {{ISI:000237661400002}}
}

@ARTICLE{Williams2009,
  author = {Williams, K. D. and Webb, M. J.},
  title = {{A quantitative performance assessment of cloud regimes in climate
	models}},
  journal = climdyn,
  year = {{2009}},
  volume = {{33}},
  pages = {{141-157}},
  number = {{1}},
  month = {{JUL}},
  doi = {{10.1007/s00382-008-0443-1}},
  issn = {{0930-7575}},
  unique-id = {{ISI:000266266500009}}
}

@ARTICLE{Wu2009,
  author = {Chien-Ming Wu and Bjorn Stevens and Akio Arakawa},
  title = {What Controls the Transition from Shallow to Deep Convection?},
  journal = jas,
  year = {2009},
  volume = {66},
  pages = {1793-1806},
  owner = {freedryk},
  timestamp = {2011.04.20}
}

