% This file was created with JabRef 2.3.1.
% Encoding: UTF-8

@BOOK{Kundu1990,
  title = {Fluid Mechanics},
  publisher = {Academic Press},
  year = {1990},
  author = {Pijush K Kundu},
  pages = {638},
  address = {San Diego, California},
  owner = {freedryk},
  timestamp = {2009.05.08}
}

@INBOOK{Siebesma1998,
  chapter = {Shallow Cumulus Convection},
  pages = {441-486},
  title = {Buoyant Convection in Geophysical Flows},
  publisher = {Kluwer Academic Publishers},
  year = {1998},
  editor = {Erich J Plate},
  author = {A P Siebesma},
  owner = {freedryk},
  timestamp = {2009.07.27}
}

@ARTICLE{Siebesma1995,
  author = {A P Siebesma and J W M Cuijpers},
  title = {Evaluation of parametric assumptions for shallow cumulus convection},
  journal = {Journal of Atmospheric Sciences},
  year = {1995},
  volume = {52},
  pages = {650-666},
  owner = {freedryk},
  timestamp = {2009.07.27}
}

@comment{jabref-meta: selector_publisher:}

@comment{jabref-meta: selector_author:}

@comment{jabref-meta: selector_journal:}

@comment{jabref-meta: selector_keywords:}

