% This file was created with JabRef 2.3.1.
% Encoding: UTF-8

@ARTICLE{Brown1999,
  author = {A R Brown},
  title = {The sensitivity of large-eddy simulations of shallow cumulus convection
	to resolution and subgrid model},
  journal = {Quarterly Journal of the Royal Meteorological Society},
  year = {1999},
  volume = {125},
  pages = {469-482},
  owner = {freedryk},
  timestamp = {2009.12.15}
}

@ARTICLE{Brown2002,
  author = {A R Brown and R T Cederwall and A Chlond and P G Duynkerke and J-C
	Golaz and Marat F Khairoutdinov and D C Lewellen and A P Lock and
	M K Macvean and C-H Moeng and R A J Neggers and A P Siebesma and
	B Stevens},
  title = {Large-eddy simulation of the diurnal cycle of shallow cumulus convection
	over land},
  journal = {Quarterly Journal of the Royal Meteorological Society},
  year = {2002},
  volume = {128},
  pages = {1075-1093},
  owner = {freedryk},
  timestamp = {2009.08.04}
}

@ARTICLE{Holland1973,
  author = {Joshua Z Holland and Eugene M Rasmusson},
  title = {Measurement of the atmospheric mass, energy, and momentum budgets
	over a 500-kilometer square of tropical ocean},
  journal = {Monthly Weather Review},
  year = {1973},
  volume = {101},
  pages = {44-57},
  owner = {freedryk},
  timestamp = {2009.12.11}
}

@ARTICLE{Khairoutdinov2003,
  author = {Marat F Khairoutdinov and David A Randall},
  title = {Cloud resolving modeling of the ARM summer 1997 IOP: model formulation,
	results, uncertainties, and sensitivities},
  journal = {Journal of the Atmospheric Sciences},
  year = {2003},
  volume = {60},
  pages = {607-625},
  owner = {freedryk},
  timestamp = {2009.08.04}
}

@BOOK{Kundu1990,
  title = {Fluid Mechanics},
  publisher = {Academic Press},
  year = {1990},
  author = {Pijush K Kundu},
  pages = {638},
  address = {San Diego, California},
  owner = {freedryk},
  timestamp = {2009.05.08}
}

@ARTICLE{Lorensen1987,
  author = {William E Lorensen and Harvey E Cline},
  title = {Marching Cubes: A high resolution 3D surface construction algorithm},
  journal = {Computer Graphics},
  year = {1987},
  volume = {21},
  pages = {163-169},
  owner = {freedryk},
  timestamp = {2009.12.11}
}

@UNPUBLISHED{Romps,
  author = {David M Romps},
  title = {A direct measure of entrainment},
  note = {Submitted to Journal of Atmospheric Science},
  owner = {freedryk},
  timestamp = {2009.12.30}
}

@ARTICLE{Rooy2008,
  author = {Wim C de Rooy and A Pier Siebesma},
  title = {A Simple Parameterization for Detrainment in Shallow Cumulus},
  journal = {Monthly Weather Review},
  year = {2008},
  volume = {136},
  pages = {560-576},
  owner = {freedryk},
  timestamp = {2009.12.10}
}

@INBOOK{Siebesma1998,
  chapter = {Shallow Cumulus Convection},
  pages = {441-486},
  title = {Buoyant Convection in Geophysical Flows},
  publisher = {Kluwer Academic Publishers},
  year = {1998},
  editor = {Erich J Plate},
  author = {A Pier Siebesma},
  owner = {freedryk},
  timestamp = {2009.07.27}
}

@ARTICLE{Siebesma2003,
  author = {A Pier Siebesma and Christopher S Bretherton and Andrew Brown and
	Andreas Chlond and Joan Cuxart and
	
	Peter G Duynkerke and Hongli Jiang and Marat Khairoutdinov and David
	Lewellen and Chin-Hoh Moeng and Enrique Sanchez and Bjorn Stevens
	and David E Stevens},
  title = {A large eddy simulation intercomparison study of shallow cumulus
	convection},
  journal = {Journal of the Atmospheric Sciences},
  year = {2003},
  volume = {60},
  pages = {1201-1219},
  owner = {freedryk},
  timestamp = {2009.12.11}
}

@ARTICLE{Siebesma1995,
  author = {A Pier Siebesma and J W M Cuijpers},
  title = {Evaluation of parametric assumptions for shallow cumulus convection},
  journal = {Journal of the Atmospheric Sciences},
  year = {1995},
  volume = {52},
  pages = {650-666},
  owner = {freedryk},
  timestamp = {2009.07.27}
}

@ARTICLE{Stevens2002,
  author = {David E Stevens and Andrew S Ackerman and Christopher S Bretherton},
  title = {Effect of domain size and numerical resolution on the simulation
	of shallow cumulus convection},
  journal = {Journal of the Atmospheric Sciences},
  year = {2002},
  volume = {59},
  pages = {3285-3301},
  owner = {freedryk},
  timestamp = {2009.12.15}
}

@ARTICLE{Stevens1999,
  author = {D E Stevens and Chrostopher S Bretherton},
  title = {Effects of resolution on the simulation of stratocumulus entrainment},
  journal = {Quarterly Journal of the Royal Meteorological Society},
  year = {1999},
  volume = {125},
  pages = {425-439},
  owner = {freedryk},
  timestamp = {2009.12.15}
}

@comment{jabref-meta: selector_publisher:}

@comment{jabref-meta: selector_author:}

@comment{jabref-meta: selector_journal:}

@comment{jabref-meta: selector_keywords:}

